@book{freesregression,
  title={Regression modeling with actuarial and financial applications},
  author={Frees, Edward W},
  year={2009},
  publisher={Cambridge University Press}
}


@book{billingsley,
  title={Probability and measure},
  author={Billingsley, Patrick},
  year={2008},
  publisher={John Wiley \& Sons}
}

@article{levin1977,
  title={Compound multinomial likelihood functions are unimodal: Proof of a conjecture of IJ Good},
  author={Levin, Bruce and Reeds, James and others},
  journal={The Annals of Statistics},
  volume={5},
  number={1},
  pages={79--87},
  year={1977},
  publisher={Institute of Mathematical Statistics}
}

@article{olkin1981,
  title={A comparison of n estimators for the binomial distribution},
  author={Olkin, Ingram and Petkau, A John and Zidek, James V},
  journal={Journal of the American Statistical Association},
  volume={76},
  number={375},
  pages={637--642},
  year={1981},
  publisher={Taylor \& Francis}
}